<record><leader>00000cas a22000007a 4500</leader><controlfield tag="001">19609305</controlfield><controlfield tag="008">890426d18811945mouwr ne      0    0eng d</controlfield><datafield ind1=" " ind2=" " tag="010"><subfield code="a">sn 89066128 </subfield></datafield><datafield ind1=" " ind2=" " tag="040"><subfield code="a">MQN</subfield><subfield code="b">eng</subfield><subfield code="c">MQN</subfield><subfield code="d">OCLCQ</subfield><subfield code="d">OCLCF</subfield><subfield code="d">OCLCO</subfield><subfield code="d">DLC</subfield></datafield><datafield ind1=" " ind2=" " tag="042"><subfield code="a">msc</subfield></datafield><datafield ind1=" " ind2=" " tag="043"><subfield code="a">n-us-mo</subfield></datafield><datafield ind1="0" ind2=" " tag="130"><subfield code="a">Meadville messenger (Meadville, Mo.)</subfield></datafield><datafield ind1="1" ind2="4" tag="245"><subfield code="a">The Meadville messenger.</subfield></datafield><datafield ind1=" " ind2=" " tag="260"><subfield code="a">Meadville, Linn County, Mo. :</subfield><subfield code="b">C.F. Ridings</subfield></datafield><datafield ind1=" " ind2=" " tag="300"><subfield code="a">v.</subfield></datafield><datafield ind1=" " ind2=" " tag="310"><subfield code="a">Weekly</subfield></datafield><datafield ind1="1" ind2=" " tag="362"><subfield code="a">Began in 1881?</subfield></datafield><datafield ind1="0" ind2=" " tag="362"><subfield code="a">-64th year, no. 52 (Dec. 27, 1945).</subfield></datafield><datafield ind1=" " ind2=" " tag="515"><subfield code="a">Numbering changed from vol. to year with: 55th year, no. 1 (Jan. 2, 1936).</subfield></datafield><datafield ind1=" " ind2=" " tag="588"><subfield code="a">Description based on: Vol. 18, no. 30 (Nov. 24, 1898).</subfield></datafield><datafield ind1=" " ind2="0" tag="651"><subfield code="a">Meadville (Mo.)</subfield><subfield code="v">Newspapers.</subfield></datafield><datafield ind1=" " ind2="7" tag="651"><subfield code="a">Missouri</subfield><subfield code="z">Meadville.</subfield><subfield code="2">fast</subfield><subfield code="0">(OCoLC)fst01880625</subfield></datafield><datafield ind1=" " ind2="7" tag="655"><subfield code="a">Newspapers.</subfield><subfield code="2">fast</subfield><subfield code="0">(OCoLC)fst01423814</subfield></datafield><datafield ind1=" " ind2=" " tag="752"><subfield code="a">United States</subfield><subfield code="b">Missouri</subfield><subfield code="c">Linn</subfield><subfield code="d">Meadville.</subfield></datafield><datafield ind1="0" ind2="7" tag="785"><subfield code="t">Laclede blade</subfield><subfield code="x">2378-5187</subfield><subfield code="w">(DLC)sn 89066129</subfield><subfield code="w">(OCoLC)19609311</subfield></datafield><datafield ind1="0" ind2="7" tag="785"><subfield code="t">Blade and messenger</subfield><subfield code="w">(DLC)sn 89066130</subfield></datafield><datafield ind1="1" ind2=" " tag="029"><subfield code="a">AU@</subfield><subfield code="b">000020555197</subfield></datafield></record>